<?xml version="1.0" encoding="UTF-8"?><collection xmlns="http://www.loc.gov/MARC21/slim"><record><leader>00328nam--2200121-i-4500</leader><controlfield tag="001">000038930</controlfield><controlfield tag="002">20161230</controlfield><controlfield tag="005">20161230201042</controlfield><controlfield tag="008">060222s1000------------r-----000-0-eng-d</controlfield><datafield ind1=" " ind2=" " tag="100"><subfield code="a">Richards,R.K</subfield></datafield><datafield ind1=" " ind2=" " tag="245"><subfield code="a">Digital computer components and circuits</subfield></datafield><datafield ind1=" " ind2=" " tag="260"><subfield code="a">Princeton/New Jersey,D.Van Nostrand, 1957. Vii + 511 P</subfield></datafield><datafield ind1=" " ind2=" " tag="852"><subfield code="a">13650</subfield></datafield></record></collection>